<?xml version="1.0" encoding="UTF-8"?><collection xmlns="http://www.loc.gov/MARC21/slim"><record><leader>00365nam--2200133-i-4500</leader><controlfield tag="001">000048898</controlfield><controlfield tag="002">20161230</controlfield><controlfield tag="005">20161230201047</controlfield><controlfield tag="008">060222s1000------------r-----000-0-eng-d</controlfield><datafield ind1=" " ind2=" " tag="245"><subfield code="a">Applied probability</subfield></datafield><datafield ind1=" " ind2=" " tag="260"><subfield code="a">New York, Mcgraw-hill, 1954-1958</subfield></datafield><datafield ind1=" " ind2=" " tag="490"><subfield code="a">Proceedings of Symposia in Applied Mathematics</subfield><subfield code="v">vol. 7</subfield></datafield><datafield ind1=" " ind2=" " tag="852"><subfield code="a">12839</subfield></datafield><datafield ind1=" " ind2=" " tag="CAT"><subfield code="a">Sys</subfield><subfield code="c">20080401</subfield><subfield code="h">094350</subfield></datafield></record></collection>